@Book{buch,
	author = {Max Mustermann},
	title = {Ich bin ein Buch},
	publisher = {Verlag},
	year = {2013}
}

@misc{online,
	author = {online author},
	title = {{online title}},
	howpublished = {\url{http://www.someurl.com/}},
	note = {\\Zugriff: 01.04.2015}
}